@online{dst-older-pop,
  author  = {Danmarks Statistik},
  title   = {Markant flere Ã¦ldre i fremtiden},
  year    = {2025},
  url     = {https://www.dst.dk/da/Statistik/nyheder-analyser-publ/nyt/NytHtml?cid=26827},
  urldate = {2025-01-09},
  note    = {Accessed 9 Jan 2025}
}
